


 @book{PrimaveraAaron2018,
  author= {Primavera De Filippi and Aaron Wright},
  title= {Blockchain and the Law: The Rule of Code},
  publisher= {Hardvard University Press},
  year= 2018,
  @comments= { }} 

  
@book{Andersson2020,
   author= {Ross Anderson},
   title= {Security Engineering: A Guide to Building Dependable
           Distributed Systems},
   publisher= {John Wiley \& Sons},
   edition= {Third},
   year= 2020,
   @comments= {}}


@article{Samer2017,
 author= {Samer Hassan and Primavera De Filippi},
 title= {The Expansion of Algorithmic Governance: From
         Code is Law to Law is Code},
  journal= {The journal of field actions},
  volume= {},
  key= {Special Issue: Artificial Intelligence and Robotics in the City},
  number= 17,
  month= Dec,
  year= 2017,
  @comments= {
   https://core.ac.uk/download/pdf/288477539.pdf }}

  

 @misc{LawCommission2021,
 author= {{Law Commission}},
 title= {Smart legal contracts Advice to Government},
 note={Visited on 28 Jun 2022},
 month= {Nov},
 howpublished= {\url {https://s3-eu-west-2.amazonaws.com/lawcom-prod-storage-11jsxou24uy7q/uploads/2021/11/Smart-legal-contracts-accessible.pdf}},
 year= 2021,
 @comments= { }}

@misc{LawCommission2020,
 author= {{Law Commission}},
 title= {Smart contracts call for evidence},
 note={Visited on 19 Dec 2020},
 month= {Dec},
 howpublished= {\url {https://s3-eu-west-2.amazonaws.com/lawcom-prod-storage-11jsxou24uy7q/uploads/2020/12/201216-Smart-contracts-call-for-evidence.pdf}},
 year= 2020,
 @comments= { Pg 15 and 16
  THREE FORMS OF SMART CONTRACT}} 
  

@misc{LawCommissionSummary2020,
 author= {{Law Commission}},
 title= {Smart Contracts: Summary of call for evidence},
 note={Visited on 19 Dec 2020},
 month= {Dec},
 howpublished= {\url {https://s3-eu-west-2.amazonaws.com/lawcom-prod-storage-11jsxou24uy7q/uploads/2020/12/Smart-Contracts-summary.pdf}},
 year= 2020,
 @comments= {}}
 

@inproceedings{SandraCarlosDina2022,
 author= {Sandra Milena Felizia and Carlos Molina--Jimenez and Arturo Dina Valente},
 title= {ISLA: Ingenier{\'{\i}}a de Software para Leyes Autom{\'{a}}ticas},
 booktitle= {Jornadas de Ciencia e Ingenieria de Servicios (JCIS)},
 location= {5--7 Sep, Santiago de Compostela, Spain},
 howpublished= {\url {https://biblioteca.sistedes.es/articulo/isla-ingenieria-de-software-para-leyes-automaticas/}},
 year= 2022,
 @comments= { }}

 

@inproceedings{SandraCarlosRafa2022,
 author= {Sandra Milena Felizia and Carlos Molina--Jimenez
          and Rafael Z. Frantz and Antonia M. Reina--Quintero
          and Arturo Dina Valente},
 title= {Fortalecimiento del Derecho a la Confidencialidad en la Gobernanza
         Algor{\'{\i}}tmica},
 booktitle= {Jornadas de Ciencia e Ingenieria de Servicios (JCIS)},
 location= {5--7 Sep, Santiago de Compostela, Spain},
 howpublished= {\url {https://biblioteca.sistedes.es/articulo/isla-ingenieria-de-software-para-leyes-automaticas/}},
 year= 2022,
 @comments= { }}




@book{Borda1999,
   author= {Guillermo Borda},
   title= {Tratado de derecho civil. Parte general},
   publisher= {Abeledo Perrot},
   edition= {},
   year= 1999,
   @comments= {}}
